<record xmlns="http://www.loc.gov/MARC21/slim" xmlns:xsi="http://www.w3.org/2001/XMLSchema-instance" xsi:schemaLocation="http://www.loc.gov/MARC21/slim http://www.loc.gov/standards/marcxml/schema/MARC21slim.xsd"><leader>01944nam a2200337   4500</leader><controlfield tag="001">3068471</controlfield><controlfield tag="003">NNC</controlfield><controlfield tag="006">m        d        </controlfield><controlfield tag="007">cr cn |||m|||a</controlfield><controlfield tag="008">150110s1863    iq j    o     000 0 ara d</controlfield><datafield ind1=" " ind2=" " tag="040"><subfield code="a">NNU</subfield><subfield code="b">eng</subfield><subfield code="e">rda</subfield><subfield code="c">NNU</subfield></datafield><datafield ind1="1" ind2=" " tag="100"><subfield code="6">880-01</subfield><subfield code="a">Suwaydi&#772;, Muh&#803;ammad Ami&#772;n,</subfield><subfield code="d">-1830 or 1831.</subfield></datafield><datafield ind1="1" ind2="0" tag="245"><subfield code="6">880-02</subfield><subfield code="a">Saba&#772;&#700;ik al-dhahab fi&#772; ma&#699;rifat qaba&#772;&#700;il al-&#699;Arab /</subfield><subfield code="c">lil-shaykh Abi&#772; al-Fawz Muh&#803;ammad Ami&#772;n al-Baghada&#772;di&#772; al-shahi&#772;r bi&#772; al-Suwaydi&#772;.</subfield></datafield><datafield ind1=" " ind2=" " tag="260"><subfield code="6">880-03</subfield><subfield code="a">Baghda&#772;d :</subfield><subfield code="b">Da&#772;r al-T&#803;iba&#772;&#699;ah,</subfield><subfield code="c">[1280 h., 1863]</subfield></datafield><datafield ind1=" " ind2=" " tag="300"><subfield code="a">online resource (118 pages) :</subfield><subfield code="b">(chiefly genealogical tables)</subfield></datafield><datafield ind1=" " ind2=" " tag="336"><subfield code="a">text</subfield><subfield code="2">rdacontent</subfield></datafield><datafield ind1=" " ind2=" " tag="337"><subfield code="a">computer</subfield><subfield code="2">rdamedia</subfield></datafield><datafield ind1=" " ind2=" " tag="338"><subfield code="a">online resource</subfield><subfield code="2">rdacarrier</subfield></datafield><datafield ind1=" " ind2=" " tag="500"><subfield code="a">Lithographed.</subfield></datafield><datafield ind1=" " ind2=" " tag="500"><subfield code="a">Part of the Arabic Collections Online (ACO) project, contributed by Columbia University Libraries.</subfield></datafield><datafield ind1=" " ind2=" " tag="533"><subfield code="a">Electronic reproduction.</subfield><subfield code="b">New York, N.Y. :</subfield><subfield code="c">New York University,</subfield><subfield code="d">2015.</subfield><subfield code="5">NNU</subfield></datafield><datafield ind1="2" ind2=" " tag="710"><subfield code="a">Columbia University.</subfield><subfield code="b">Libraries.</subfield></datafield><datafield ind1="0" ind2=" " tag="730"><subfield code="a">Arabic Collections Online.</subfield></datafield><datafield ind1="0" ind2="8" tag="776"><subfield code="i">Online version:</subfield><subfield code="a">Suwaydi&#772;, Muh&#803;ammad Ami&#772;n, -1830 or 1831.</subfield><subfield code="t">Saba&#772;&#700;ik al-dhahab fi&#772; ma&#699;rifat qaba&#772;&#700;il al-&#699;Arab.</subfield><subfield code="d">Baghda&#772;d, Da&#772;ru&#697;t&#803;-T&#803;iba&#772;&#699;a-i Da&#772;ru&#697;s-Sala&#772;m [1280 h., 1863]</subfield><subfield code="w">(OCoLC)881558535</subfield></datafield><datafield ind1="0" ind2="8" tag="776"><subfield code="i">Print version:</subfield><subfield code="a">Suwaydi&#772;, Muh&#803;ammad Ami&#772;n, -1830 or 1831.</subfield><subfield code="t">Saba&#772;&#700;ik al-dhahab fi&#772; ma&#699;rifat qaba&#772;&#700;il al-&#699;Arab</subfield><subfield code="w">(NNC)3068471</subfield><subfield code="w">(OCoLC)47809601</subfield></datafield><datafield ind1="4" ind2="0" tag="856"><subfield code="u">http://hdl.handle.net/2333.1/pnvx0n5f</subfield></datafield><datafield ind1="1" ind2=" " tag="880"><subfield code="6">100-01/r</subfield><subfield code="a">&#1587;&#1608;&#1610;&#1583;&#1610;&#1548; &#1605;&#1581;&#1605;&#1583; &#1575;&#1605;&#1610;&#1606;&#1548; </subfield><subfield code="d">-1830 or 1831.</subfield></datafield><datafield ind1="1" ind2="0" tag="880"><subfield code="6">245-02/r</subfield><subfield code="a">&#1587;&#1576;&#1575;&#1574;&#1603; &#1575;&#1604;&#1584;&#1607;&#1576; &#1601;&#1610; &#1605;&#1593;&#1585;&#1601;&#1577; &#1602;&#1576;&#1575;&#1574;&#1604; &#1575;&#1604;&#1593;&#1585;&#1576; /</subfield><subfield code="c">&#1604;&#1604;&#1588;&#1610;&#1582; &#1575;&#1576;&#1610; &#1575;&#1604;&#1601;&#1608;&#1586; &#1605;&#1581;&#1605;&#1583; &#1575;&#1605;&#1610;&#1606; &#1575;&#1604;&#1576;&#1594;&#1583;&#1575;&#1583;&#1610; &#1575;&#1604;&#1588;&#1607;&#1610;&#1585; &#1576;&#1610; &#1575;&#1604;&#1587;&#1608;&#1610;&#1583;&#1610;.</subfield></datafield><datafield ind1=" " ind2=" " tag="880"><subfield code="6">260-03/r</subfield><subfield code="a">&#1576;&#1594;&#1583;&#1575;&#1583; :</subfield><subfield code="b">&#1583;&#1575;&#1585; &#1575;&#1604;&#1591;&#1576;&#1575;&#1593;&#1577;&#1548;</subfield><subfield code="c">[1280 h.&#1548; 1863]</subfield></datafield><datafield ind1=" " ind2=" " tag="959"><subfield code="a">NNU</subfield><subfield code="b">WEB</subfield><subfield code="c">GENI</subfield><subfield code="t">0</subfield><subfield code="m">Electronic access</subfield><subfield code="s">01</subfield></datafield><datafield ind1=" " ind2=" " tag="999"><subfield code="i">NNC_3068471</subfield><subfield code="o">(OCoLC)47809601</subfield></datafield></record>